% DGS KORPUS

@inproceedings{prillwitz2008dgs,
  title={DGS corpus project--development of a corpus based electronic dictionary German Sign Language/German},
  author={Prillwitz, Siegmund and Hanke, Thomas and K{\"o}nig, Susanne and Konrad, Reiner and Langer, Gabriele and Schwarz, Arvid},
  booktitle={3rd Workshop on the Representation and Processing of Sign Languages: Construction and Exploitation of Sign Language Corpora},
  pages={159},
  year={2008}
}

@misc{dgscorpus_3,
  title = {MEINE DGS -- annotiert. {\"O}ffentliches Korpus der Deutschen Geb{\"a}rdensprache, 3. Release / MY DGS -- annotated. Public Corpus of German Sign Language, 3rd release},
  author = {Konrad, Reiner and Hanke, Thomas and Langer, Gabriele and Blanck, Dolly and Bleicken, Julian and Hofmann, Ilona and Jeziorski, Olga and K{\"o}nig, Lutz and K{\"o}nig, Susanne and Nishio, Rie and Regen, Anja and Salden, Uta and Wagner, Sven and Worseck, Satu and B{\"o}se, Oliver and Jahn, Elena and Schulder, Marc},
  year = {2020},
  type = {languageresource},
  version = {3.0},
  publisher = {Universit{\"a}t Hamburg},
  howpublished = {https://doi.org/10.25592/dgs.corpus-3.0},
  doi = {10.25592/dgs.corpus-3.0}
}

% ELAN

@misc{elan_example,
  title = {MEINE DGS -- annotiert. {\"O}ffentliches Korpus der Deutschen Geb{\"a}rdensprache, 3. Release / MY DGS -- annotated. Public Corpus of German Sign Language, 3rd release},
  author = {Konrad, Reiner and Hanke, Thomas and Langer, Gabriele and Blanck, Dolly and Bleicken, Julian and Hofmann, Ilona and Jeziorski, Olga and K{\"o}nig, Lutz and K{\"o}nig, Susanne and Nishio, Rie and Regen, Anja and Salden, Uta and Wagner, Sven and Worseck, Satu and B{\"o}se, Oliver and Jahn, Elena and Schulder, Marc},
  year = {2020},
  type = {languageresource},
  version = {3.0},
  publisher = {Universit{\"a}t Hamburg},
  howpublished = {https://www.sign-lang.uni-hamburg.de/meinedgs/html/1413451-11105600-11163240\_de.html},
  doi = {10.25592/dgs.corpus-3.0-text-1413451-11105600-11163240}
}


@incollection{sloetjes2017elan,
  title={ELAN},
  author={Sloetjes, Han},
  booktitle={The Oxford handbook of corpus phonology},
  year={2017}
}

@inproceedings{crasborn2008enhanced,
  title={Enhanced ELAN functionality for sign language corpora},
  author={Crasborn, Onno and Sloetjes, Han},
  booktitle={6th International Conference on Language Resources and Evaluation (LREC 2008)/3rd Workshop on the Representation and Processing of Sign Languages: Construction and Exploitation of Sign Language Corpora},
  pages={39--43},
  year={2008}
}

@misc{elan_software,
    title = {ELAN (Version 6.0) [Computer software].},
    author = {Nijmegen: Max Planck Institute for Psycholinguistics, The Language Archive. }, 
    year = {2020},
    howpublished = {https://archive.mpi.nl/tla/elan}
}

% ANNOTATION AND BACKGROUND

@inproceedings{brugman2004annotating,
  title={Annotating Multi-media/Multi-modal Resources with ELAN.},
  author={Brugman, Hennie and Russel, Albert and Nijmegen, Xd},
  booktitle={LREC},
  year={2004},
  organization={Citeseer}
}

@misc{age_data_hamburg,
 title={Background information. - DGS-Korpus},
 author={IDGS},
 year={2020},
 organization={Hamburg University},
 howpublished= {https://www.sign-lang.uni-hamburg.de/meinedgs/ling/start\_en.html}
 }
 

 
 @misc{deaf_areas,
 title = {DGS corpus project - Development of a corpus based electronic dictionary German Sign Language /German},
 author = {Hanke, Thomas and König, Sussane and Konrad, Reiner and Langer, Gabriele and Rathmann, Christian},
 year={2009},
 organization={the Corpus Linguistics Conference Liverpool}
 }


@misc{konradoffentliches, title={Public DGS Corpus Annotation Conventions}, url={https://www.fdr.uni-hamburg.de/record/824/files/DGS-Korpus_AP03-2018-01v02_en.pdf?download=1}, publisher={University of Hamburg}, author={Konrad, Reiner and Hankse, Thomas and Langer, Gabriele and König, Susanne and König, Lutz and Nishio, Rie and Regen, Anja}, year={2020}}

@article{hankesegmentation,
    title = {Segmentation},
    author = {Hanke, Thomas and Hong, Sung-Eun and K{\"o}nig, Susanne and Konrad, Reiner and Langer, Gabriele and Matthes, Silke and Nishio, Rie and Regen, Anja},
    year = {2019},
    howpublished = {https://www.sign-lang.uni-hamburg.de/dgs-korpus/arbeitspapiere/DGS-Korpus_AP03-2010-01v03_en.pdf}
}

@inproceedings{kristoffersen2016designing,
  title={Designing a Lexical Database for a Combined Use of Corpus Annotation and Dictionary Editing},
  author={Kristoffersen, Jette Hedegaard and Troelsg{\aa}rd, Thomas and Langer, Gabriele and Hanke, Thomas and Konrad, Reiner and K{\"o}nig, Susanne},
  booktitle={7th Worshop on the Representation and Processing of Sign Languages: Corpus Mining},
  year={2016}
}

% Anglication

@incollection{jahn2015denglish,
  title={Denglish Instead of German? The Changing Use of Language in Germany},
  author={Jahn, Egbert},
  booktitle={German Domestic and Foreign Policy},
  pages={123--139},
  year={2015},
  publisher={Springer}
}

% Iconicity papers

@article{pietrandrea2002iconicity,
  title={Iconicity and arbitrariness in Italian sign language},
  author={Pietrandrea, Paola},
  journal={Sign Language Studies},
  pages={296--321},
  year={2002},
  publisher={JSTOR}
}

@article{oomen2017iconicity,
  title={Iconicity in argument structure: Psych-verbs in Sign Language of the Netherlands},
  author={Oomen, Marloes},
  journal={Sign Language \& Linguistics},
  volume={20},
  number={1},
  pages={55--108},
  year={2017},
  publisher={John Benjamins}
}

@phdthesis{perniss2007space,
  title={Space and iconicity in German sign language (DGS) Section 1.1},
  author={Perniss, Pamela M},
  year={2007},
  school={Radboud University Nijmegen Nijmegen}
}

% Jakobs translated sentence

@misc{jakobs_translation,
  title={Translating: "Und dann fällt es einem wieder auf, dass der andere noch Fehler macht"},
  author={Hauser, Jakob E},
  year={2021},
  organization={Tilburg University}
}

% UNKNOWN

@article{stokoe2005sign,
  title={Sign language structure: An outline of the visual communication systems of the American deaf},
  author={Stokoe Jr, William C},
  journal={Journal of deaf studies and deaf education},
  volume={10},
  number={1},
  pages={3--37},
  year={2005},
  publisher={Oxford University Press}
}

@misc{dimitarshterionovtrain,
title = {Python: train\_test\_dev.py},
year = {2020},
author = {Dimitar Shterionov}
}

% OpenNMT

@inproceedings{klein-etal-2017-opennmt,
    title = "{O}pen{NMT}: Open-Source Toolkit for Neural Machine Translation",
    author = "Klein, Guillaume  and
      Kim, Yoon  and
      Deng, Yuntian  and
      Senellart, Jean  and
      Rush, Alexander",
    booktitle = "Proceedings of {ACL} 2017, System Demonstrations",
    month = jul,
    year = "2017",
    address = "Vancouver, Canada",
    publisher = "Association for Computational Linguistics",
    url = "https://www.aclweb.org/anthology/P17-4012",
    pages = "67--72",
}
% Talking speed bound to emotions
@inproceedings{kshirsagar2002multilayer,
  title={A multilayer personality model},
  author={Kshirsagar, Sumedha},
  booktitle={Proceedings of the 2nd international symposium on Smart graphics},
  pages={107--115},
  year={2002}
}

%BLEU score

@inproceedings{papineni2002bleu,
  title={Bleu: a method for automatic evaluation of machine translation},
  author={Papineni, Kishore and Roukos, Salim and Ward, Todd and Zhu, Wei-Jing},
  booktitle={Proceedings of the 40th annual meeting of the Association for Computational Linguistics},
  pages={311--318},
  year={2002}
}

@misc{chan, 
title={Overview of BLEU}, 
url={https://www.slideserve.com/cassius/overview-of-bleu}, 
journal={Advanced MT Seminar}, 
author={Chan, Arthur},
year= {2012}
}

% Transformer

@article{vaswani2017attention,
  title={Attention is all you need},
  author={Vaswani, Ashish and Shazeer, Noam and Parmar, Niki and Uszkoreit, Jakob and Jones, Llion and Gomez, Aidan N and Kaiser, Lukasz and Polosukhin, Illia},
  journal={arXiv preprint arXiv:1706.03762},
  year={2017}
}

% TER

@inproceedings{TERsnover2006,
  title={A study of translation edit rate with targeted human annotation},
  author={Snover, Matthew and Dorr, Bonnie and Schwartz, Richard and Micciulla, Linnea and Makhoul, John},
  booktitle={Proceedings of association for machine translation in the Americas},
  volume={200},
  number={6},
  year={2006},
  organization={Citeseer}
}

@inproceedings{shapira2002edit,
  title={Edit distance with move operations},
  author={Shapira, Dana and Storer, James A},
  booktitle={Annual Symposium on Combinatorial Pattern Matching},
  pages={85--98},
  year={2002},
  organization={Springer}
}

% Factored NMT

@inproceedings{garcia2016factored,
  title={Factored neural machine translation architectures},
  author={Garc{\'\i}a-Mart{\'\i}nez, Mercedes and Barrault, Lo{\"\i}c and Bougares, Fethi},
  booktitle={International Workshop on Spoken Language Translation (IWSLT'16)},
  year={2016}
}
% BPE

@article{sennrich2015neural,
  title={Neural machine translation of rare words with subword units},
  author={Sennrich, Rico and Haddow, Barry and Birch, Alexandra},
  journal={arXiv preprint arXiv:1508.07909},
  year={2015}
}

@article{gage1994new,
  title={A new algorithm for data compression},
  author={Gage, Philip},
  journal={C Users Journal},
  volume={12},
  number={2},
  pages={23--38},
  year={1994},
  publisher={McPherson, KS: R \& D Publications, c1987-1994.}
}

%MARIANNMT

@InProceedings{mariannmt,
  title     = {Marian: Fast Neural Machine Translation in {C++}},
  author    = {Junczys-Dowmunt, Marcin and Grundkiewicz, Roman and
               Dwojak, Tomasz and Hoang, Hieu and Heafield, Kenneth and
               Neckermann, Tom and Seide, Frank and Germann, Ulrich and
               Fikri Aji, Alham and Bogoychev, Nikolay and
               Martins, Andr\'{e} F. T. and Birch, Alexandra},
  booktitle = {Proceedings of ACL 2018, System Demonstrations},
  year      = {2018},
  address   = {Melbourne, Australia},
  url       = {https://arxiv.org/abs/1804.00344}
}

%HYPERPARAMETERS

@misc{standard_hyperparameters,
title = {How do I use the Transformer model?},
author = {OpenNMT},
year = {2018},
journal = {OpenNMT FAQ},
howpublished = {https://opennmt.net/OpenNMT-py/FAQ.html#how-do-i-use-the-transformer-model}
}

@inproceedings{WMT2014,
  title={Findings of the 2014 workshop on statistical machine translation},
  author={Bojar, Ond{\v{r}}ej and Buck, Christian and Federmann, Christian and Haddow, Barry and Koehn, Philipp and Leveling, Johannes and Monz, Christof and Pecina, Pavel and Post, Matt and Saint-Amand, Herve and others},
  booktitle={Proceedings of the ninth workshop on statistical machine translation},
  pages={12--58},
  year={2014}
}

@article{barone2017regularization,
  title={Regularization techniques for fine-tuning in neural machine translation},
  author={Barone, Antonio Valerio Miceli and Haddow, Barry and Germann, Ulrich and Sennrich, Rico},
  journal={arXiv preprint arXiv:1707.09920},
  year={2017}
}

% INTRODUCTION

@phdthesis{full_introduction_paper,
  title={Space and iconicity in German sign language (DGS)},
  author={Perniss, Pamela M},
  year={2007},
  school={Radboud University Nijmegen Nijmegen}
}

%previous research

@article{camgoz2021content4all,
  title={Content4All Open Research Sign Language Translation Datasets},
  author={Camgoz, Necati Cihan and Saunders, Ben and Rochette, Guillaume and Giovanelli, Marco and Inches, Giacomo and Nachtrab-Ribback, Robin and Bowden, Richard},
  journal={arXiv preprint arXiv:2105.02351},
  year={2021}
}

@inproceedings{bragg2019sign,
  title={Sign language recognition, generation, and translation: An interdisciplinary perspective},
  author={Bragg, Danielle and Koller, Oscar and Bellard, Mary and Berke, Larwan and Boudreault, Patrick and Braffort, Annelies and Caselli, Naomi and Huenerfauth, Matt and Kacorri, Hernisa and Verhoef, Tessa and others},
  booktitle={The 21st International ACM SIGACCESS Conference on Computers and Accessibility},
  pages={16--31},
  year={2019}
}

@incollection{hiddenmarkov1l,
  title={Real-time american sign language recognition from video using hidden markov models},
  author={Starner, Thad and Pentland, Alex},
  booktitle={Motion-based recognition},
  pages={227--243},
  year={1997},
  publisher={Springer}
}

@inproceedings{hiddenmarkov2,
  title={A sign language recognition system using hidden markov model and context sensitive search},
  author={Liang, Rung-Huei and Ouhyoung, Ming},
  booktitle={Proceedings of the ACM symposium on virtual reality software and technology},
  pages={59--66},
  year={1996}
}

@inproceedings{hiddenmarkov3,
  title={Parallel hidden markov models for american sign language recognition},
  author={Vogler, Christian and Metaxas, Dimitris},
  booktitle={Proceedings of the Seventh IEEE International Conference on Computer Vision},
  volume={1},
  pages={116--122},
  year={1999},
  organization={IEEE}
}

@inproceedings{camgoz2018neural,
  title={Neural sign language translation},
  author={Camgoz, Necati Cihan and Hadfield, Simon and Koller, Oscar and Ney, Hermann and Bowden, Richard},
  booktitle={Proceedings of the IEEE Conference on Computer Vision and Pattern Recognition},
  pages={7784--7793},
  year={2018}
}

@article{koller2015continuous,
  title={Continuous sign language recognition: Towards large vocabulary statistical recognition systems handling multiple signers},
  author={Koller, Oscar and Forster, Jens and Ney, Hermann},
  journal={Computer Vision and Image Understanding},
  volume={141},
  pages={108--125},
  year={2015},
  publisher={Elsevier}
}

@article{starner1998real,
  title={Real-time american sign language recognition using desk and wearable computer based video},
  author={Starner, Thad and Weaver, Joshua and Pentland, Alex},
  journal={IEEE Transactions on pattern analysis and machine intelligence},
  volume={20},
  number={12},
  pages={1371--1375},
  year={1998},
  publisher={IEEE}
}

@inproceedings{glenn2005image,
  title={An image processing technique for the translation of ASL finger-spelling to digital audio or text},
  author={Glenn, Chance M and Mandloi, Divya and Sarella, Kanthi and Lonon, Muhammed},
  booktitle={Instructional Technology and Education of the deaf Symposium, Rochester, NY},
  pages={1--7},
  year={2005}
}

@article{parton2006sign,
  title={Sign language recognition and translation: A multidisciplined approach from the field of artificial intelligence},
  author={Parton, Becky Sue},
  journal={Journal of deaf studies and deaf education},
  volume={11},
  number={1},
  pages={94--101},
  year={2006},
  publisher={Oxford University Press}
}

@article{holden2005australian,
  title={Australian sign language recognition},
  author={Holden, Eun-Jung and Lee, Gareth and Owens, Robyn},
  journal={Machine Vision and Applications},
  volume={16},
  number={5},
  pages={312--320},
  year={2005},
  publisher={Springer}
}

@article{fels1993glove,
  title={Glove-talk: A neural network interface between a data-glove and a speech synthesizer},
  author={Fels, Sidney S and Hinton, Geoffrey E},
  journal={IEEE transactions on Neural Networks},
  volume={4},
  number={1},
  pages={2--8},
  year={1993},
  publisher={IEEE}
}

@inproceedings{murakami1991gesture,
  title={Gesture recognition using recurrent neural networks},
  author={Murakami, Kouichi and Taguchi, Hitomi},
  booktitle={Proceedings of the SIGCHI conference on Human factors in computing systems},
  pages={237--242},
  year={1991}
}

@incollection{cooper2011sign,
  title={Sign language recognition},
  author={Cooper, Helen and Holt, Brian and Bowden, Richard},
  booktitle={Visual analysis of humans},
  pages={539--562},
  year={2011},
  publisher={Springer}
}

@INPROCEEDINGS{ethopia,
  author={Admasu, Yonas Fantahun and Raimond, Kumudha},
  booktitle={2010 10th International Conference on Intelligent Systems Design and Applications}, 
  title={Ethiopian sign language recognition using Artificial Neural Network}, 
  year={2010},
  volume={},
  number={},
  pages={995-1000},
  doi={10.1109/ISDA.2010.5687057}}
  
  @INPROCEEDINGS{malaysia,
  author={Akmeliawati, Rini and Ooi, Melanie Po-Leen and Kuang, Ye Chow},
  booktitle={2007 IEEE Instrumentation   Measurement Technology Conference IMTC 2007}, 
  title={Real-Time Malaysian Sign Language Translation using Colour Segmentation and Neural Network}, 
  year={2007},
  volume={},
  number={},
  pages={1-6},
  doi={10.1109/IMTC.2007.379311}}
  
  @INPROCEEDINGS{persia,
  author={Kiani Sarkaleh, Azadeh and Poorahangaryan, Fereshteh and Zanj, Bahman and Karami, Ali},
  booktitle={2009 IEEE International Conference on Signal and Image Processing Applications}, 
  title={A Neural Network based system for Persian sign language recognition}, 
  year={2009},
  volume={},
  number={},
  pages={145-149},
  doi={10.1109/ICSIPA.2009.5478627}}
  
  @inproceedings{arabia,
  title={Recognition of Arabic Sign Language (ArSL) using recurrent neural networks},
  author={Maraqa, Manar and Abu-Zaiter, Raed},
  booktitle={2008 First International Conference on the Applications of Digital Information and Web Technologies (ICADIWT)},
  pages={478--481},
  year={2008},
  organization={IEEE}
}
@inproceedings{brazil,
  title={Hand movement recognition for brazilian sign language: a study using distance-based neural networks},
  author={Dias, Daniel B and Madeo, Renata CB and Rocha, Thiago and Biscaro, Helton H and Peres, Sarajane M},
  booktitle={2009 international joint conference on neural networks},
  pages={697--704},
  year={2009},
  organization={IEEE}
}

@inproceedings{huang2015sign,
  title={Sign language recognition using 3d convolutional neural networks},
  author={Huang, Jie and Zhou, Wengang and Li, Houqiang and Li, Weiping},
  booktitle={2015 IEEE international conference on multimedia and expo (ICME)},
  pages={1--6},
  year={2015},
  organization={IEEE}
}

@InProceedings{lstm_chinese_paper,
author="Li, Xiaoxu
and Mao, Chensi
and Huang, Shiliang
and Ye, Zhongfu",
editor="Zhou, Jie
and Wang, Yunhong
and Sun, Zhenan
and Xu, Yong
and Shen, Linlin
and Feng, Jianjiang
and Shan, Shiguang
and Qiao, Yu
and Guo, Zhenhua
and Yu, Shiqi",
title="Chinese Sign Language Recognition Based on SHS Descriptor and Encoder-Decoder LSTM Model",
booktitle="Biometric Recognition",
year="2017",
publisher="Springer International Publishing",
address="Cham",
pages="719--728",
abstract="This paper presents a novel approach to recognize isolated Chinese sign language. In order to better distinguish different hand shapes, a new Specific Hand Shape (SHS) descriptor is proposed. Based on the SHS descriptor, an encoder-decoder LSTM model is applied to achieve better sign recognition results. A specific hand shape database and an 80 words isolated Chinese sign language database are constructed using Kinect 2.0 to evaluate the proposed methods. Experimental results show the proposed SHS descriptor is more discriminative than the traditional HOG descriptor and the recognition model is more efficient than the HMM based approach.",
isbn="978-3-319-69923-3"
}

@article{mittal2019modified,
  title={A modified LSTM model for continuous sign language recognition using leap motion},
  author={Mittal, Anshul and Kumar, Pradeep and Roy, Partha Pratim and Balasubramanian, Raman and Chaudhuri, Bidyut B},
  journal={IEEE Sensors Journal},
  volume={19},
  number={16},
  pages={7056--7063},
  year={2019},
  publisher={IEEE}
}

@inproceedings{camgoz2020sign,
  title={Sign language transformers: Joint end-to-end sign language recognition and translation},
  author={Camgoz, Necati Cihan and Koller, Oscar and Hadfield, Simon and Bowden, Richard},
  booktitle={Proceedings of the IEEE/CVF Conference on Computer Vision and Pattern Recognition},
  pages={10023--10033},
  year={2020}
}

@inproceedings{garcia2016factored,
  title={Factored neural machine translation architectures},
  author={Garc{\'\i}a-Mart{\'\i}nez, Mercedes and Barrault, Lo{\"\i}c and Bougares, Fethi},
  booktitle={International Workshop on Spoken Language Translation (IWSLT'16)},
  year={2016}
}

@inproceedings{de2020sign,
  title={Sign language recognition with transformer networks},
  author={De Coster, Mathieu and Van Herreweghe, Mieke and Dambre, Joni},
  booktitle={12th International Conference on Language Resources and Evaluation},
  year={2020}
}

@inproceedings{koller2016deep,
  title={Deep sign: Hybrid CNN-HMM for continuous sign language recognition},
  author={Koller, Oscar and Zargaran, O and Ney, Hermann and Bowden, Richard},
  booktitle={Proceedings of the British Machine Vision Conference 2016},
  year={2016}
}

@article{lecun2015deep,
  title={Deep learning},
  author={LeCun, Yann and Bengio, Yoshua and Hinton, Geoffrey},
  journal={nature},
  volume={521},
  number={7553},
  pages={436--444},
  year={2015},
  publisher={Nature Publishing Group}
}

@inproceedings{tran2015learning,
  title={Learning spatiotemporal features with 3d convolutional networks},
  author={Tran, Du and Bourdev, Lubomir and Fergus, Rob and Torresani, Lorenzo and Paluri, Manohar},
  booktitle={Proceedings of the IEEE international conference on computer vision},
  pages={4489--4497},
  year={2015}
}

@inproceedings{huang2015sign,
  title={Sign language recognition using 3d convolutional neural networks},
  author={Huang, Jie and Zhou, Wengang and Li, Houqiang and Li, Weiping},
  booktitle={2015 IEEE international conference on multimedia and expo (ICME)},
  pages={1--6},
  year={2015},
  organization={IEEE}
}

@article{hochreiter1997long,
  title={Long short-term memory},
  author={Hochreiter, Sepp and Schmidhuber, J{\"u}rgen},
  journal={Neural computation},
  volume={9},
  number={8},
  pages={1735--1780},
  year={1997},
  publisher={MIT Press}
}